@book{strogatz2018nonlinear,
  title={Nonlinear dynamics and chaos: with applications to physics, biology, chemistry, and engineering},
  author={Strogatz, Steven H},
  year={2018},
  publisher={CRC press}
}